%EXAMPLE bibliography, adjust to fit your own list of citations.
@inproceedings{verdecchia2017estimating,
  title={Estimating energy impact of software releases and deployment strategies: the KPMG case study},
  author={Verdecchia, Roberto and Procaccianti, Giuseppe and Malavolta, Ivano and Lago, Patricia and Koedijk, Joost},
  booktitle={Proceedings of the 11th ACM/IEEE International Symposium on Empirical Software Engineering and Measurement},
  pages={257--266},
  year={2017},
  organization={IEEE Press},
  doi = {10.1109/ESEM.2017.39}
}

@article{van2014trends,
  title={Trends in worldwide ICT electricity consumption from 2007 to 2012},
  author={Van Heddeghem, Ward and Lambert, Sofie and Lannoo, Bart and Colle, Didier and Pickavet, Mario and Demeester, Piet},
  journal={Computer Communications},
  volume={50},
  pages={64--76},
  year={2014},
  publisher={Elsevier}
}

@article{acar2016impact,
  title={The Impact of Source Code in Software on Power Consumption},
  author={Acar, Hayri and Alptekin, G{\"u}lfem and Gelas, Jean-Patrick and Ghodous, Parisa},
  journal={International Journal of Electronic Business Management},
  volume={14},
  pages={42--52},
  year={2016}
}

@inproceedings{liqat2013energy,
  title={Energy consumption analysis of programs based on XMOS ISA-level models},
  author={Liqat, Umer and Kerrison, Steve and Serrano, Alejandro and Georgiou, Kyriakos and Lopez-Garcia, Pedro and Grech, Neville and Hermenegildo, Manuel V and Eder, Kerstin},
  booktitle={International Symposium on Logic-Based Program Synthesis and Transformation},
  pages={72--90},
  year={2013},
  organization={Springer}
}

@article{filip2015bats,
  title={E-BaTS: Energy-aware scheduling for bag-of-task applications in HPC clusters},
  author={Filip, Alexandra Vintila and Oprescu, Ana-Maria and Costache, Stefania and Kielmann, Thilo},
  journal={Parallel Processing Letters},
  volume={25},
  number={03},
  pages={1541005},
  year={2015},
  publisher={World Scientific}
}

@inproceedings{manotas2014seeds,
  title={SEEDS: a software engineer's energy-optimization decision support framework},
  author={Manotas, Irene and Pollock, Lori and Clause, James},
  booktitle={Proceedings of the 36th International Conference on Software Engineering},
  pages={503--514},
  year={2014},
  organization={ACM}
}

@inproceedings{sahin2014code,
  title={How do code refactorings affect energy usage?},
  author={Sahin, Cagri and Pollock, Lori and Clause, James},
  booktitle={Proceedings of the 8th ACM/IEEE International Symposium on Empirical Software Engineering and Measurement},
  pages={36},
  year={2014},
  organization={ACM}
}

@inproceedings{zhu2004reducing,
  title={Reducing energy consumption of disk storage using power-aware cache management},
  author={Zhu, Qingbo and David, Francis M and Devaraj, Christo Frank and Li, Zhenmin and Zhou, Yuanyuan and Cao, Pei},
  booktitle={Software, IEE Proceedings-},
  pages={118--118},
  year={2004},
  organization={IEEE}
}

@article{mahmoud2013green,
  title={A green model for sustainable software engineering},
  author={Mahmoud, Sara S and Ahmad, Imtiaz},
  journal={International Journal of Software Engineering and Its Applications},
  volume={7},
  number={4},
  pages={55--74},
  year={2013},
  publisher={Citeseer}
}

@inproceedings{jayaseelan2006estimating,
  title={Estimating the worst-case energy consumption of embedded software},
  author={Jayaseelan, Ramkumar and Mitra, Tulika and Li, Xianfeng},
  booktitle={Real-Time and Embedded Technology and Applications Symposium, 2006. Proceedings of the 12th IEEE},
  pages={81--90},
  year={2006},
  organization={IEEE}
}

@article{zakarya2013energy,
  title={Energy efficient workload balancing algorithm for real-time tasks over multi-core},
  author={Zakarya, Muhammad and Dilawar, Nadia and Khattak, Muazzam Ali and Hayat, Maqssod},
  journal={World Applied Sciences Journal},
  volume={22},
  number={10},
  pages={1431--1439},
  year={2013}
}

@book{brooks2000wattch,
  title={Wattch: A framework for architectural-level power analysis and optimizations},
  author={Brooks, David and Tiwari, Vivek and Martonosi, Margaret},
  volume={28},
  number={2},
  year={2000},
  publisher={ACM}
}

@inproceedings{noureddine2012preliminary,
  title={A preliminary study of the impact of software engineering on greenit},
  author={Noureddine, Adel and Bourdon, Aurelien and Rouvoy, Romain and Seinturier, Lionel},
  booktitle={Proceedings of the First International Workshop on Green and Sustainable Software},
  pages={21--27},
  year={2012},
  organization={IEEE Press}
}

@inproceedings{ye2000design,
  title={The design and use of simplepower: a cycle-accurate energy estimation tool},
  author={Ye, Wu and Vijaykrishnan, Narayanan and Kandemir, Mahmut and Irwin, Mary Jane},
  booktitle={Proceedings of the 37th Annual Design Automation Conference},
  pages={340--345},
  year={2000},
  organization={ACM}
}

@inproceedings{derosa2006realism,
  title={Realism and simplicity: disk simulation for instructional OS performance evaluation},
  author={DeRosa, Peter and Shen, Kai and Stewart, Christopher and Pearson, Jonathan},
  booktitle={ACM SIGCSE Bulletin},
  volume={38},
  number={1},
  pages={308--312},
  year={2006},
  organization={ACM}
}

@inproceedings{zedlewski2003modeling,
  title={Modeling Hard-Disk Power Consumption},
  author={Zedlewski, John and Sobti, Sumeet and Garg, Nitin and Zheng, Fengzhou and Krishnamurthy, Arvind and Wang, Randolph Y and others},
  booktitle={FAST},
  volume={3},
  pages={217--230},
  year={2003}
}

@article{mens2004survey,
  title={A survey of software refactoring},
  author={Mens, Tom and Tourw{\'e}, Tom},
  journal={IEEE Transactions on software engineering},
  volume={30},
  number={2},
  pages={126--139},
  year={2004},
  publisher={IEEE}
}

@article{bal2016medium,
  title={A medium-scale distributed system for computer science research: Infrastructure for the long term},
  author={Bal, Henri and Epema, Dick and de Laat, Cees and van Nieuwpoort, Rob and Romein, John and Seinstra, Frank and Snoek, Cees and Wijshoff, Harry},
  journal={Computer},
  volume={49},
  number={5},
  pages={54--63},
  year={2016},
  publisher={IEEE}
}

@inproceedings{pereira2017energy,
  title={Energy efficiency across programming languages: how do energy, time, and memory relate?},
  author={Pereira, Rui and Couto, Marco and Ribeiro, Francisco and Rua, Rui and Cunha, J{\'a}come and Fernandes, Jo{\~a}o Paulo and Saraiva, Jo{\~a}o},
  booktitle={Proceedings of the 10th ACM SIGPLAN International Conference on Software Language Engineering},
  pages={256--267},
  year={2017},
  organization={ACM}
}

